<record><leader>00000cas a22000007a 4500</leader><controlfield tag="001">32569924</controlfield><controlfield tag="008">950530d19631963nyuwr ne      0    0eng d</controlfield><datafield ind1=" " ind2=" " tag="010"><subfield code="a">sn 95071207 </subfield></datafield><datafield ind1=" " ind2=" " tag="040"><subfield code="a">NYS</subfield><subfield code="b">eng</subfield><subfield code="c">NYS</subfield><subfield code="d">OCLCQ</subfield></datafield><datafield ind1=" " ind2=" " tag="042"><subfield code="a">msc</subfield></datafield><datafield ind1="0" ind2=" " tag="130"><subfield code="a">Independent review (Malverne, N.Y.)</subfield></datafield><datafield ind1="1" ind2="0" tag="245"><subfield code="a">Independent review.</subfield></datafield><datafield ind1=" " ind2=" " tag="260"><subfield code="a">Malverne, N.Y. :</subfield><subfield code="b">Independent Review</subfield></datafield><datafield ind1=" " ind2=" " tag="300"><subfield code="a">v.</subfield></datafield><datafield ind1="0" ind2=" " tag="362"><subfield code="a">Vol. 1, no. 1 (Jan. 24, 1963)-v. 1, no. 34 (Sept. 12, 1963).</subfield></datafield><datafield ind1=" " ind2="4" tag="651"><subfield code="a">Malverne (N.Y.)</subfield><subfield code="v">Newspapers.</subfield></datafield><datafield ind1=" " ind2="4" tag="651"><subfield code="a">Nassau County (N.Y.)</subfield><subfield code="v">Newspapers.</subfield></datafield><datafield ind1=" " ind2=" " tag="752"><subfield code="a">United States</subfield><subfield code="b">New York</subfield><subfield code="c">Nassau</subfield><subfield code="d">Malverne.</subfield></datafield><datafield ind1="0" ind2="7" tag="785"><subfield code="t">Helm (Lynbrook, N.Y.)</subfield><subfield code="w">(DLC)sn 95071206</subfield><subfield code="w">(OCoLC)32569992</subfield></datafield><datafield ind1="0" ind2="7" tag="785"><subfield code="t">Helm independent review</subfield><subfield code="w">(DLC)sn 95071208</subfield><subfield code="w">(OCoLC)32570007</subfield></datafield><datafield ind1="1" ind2=" " tag="029"><subfield code="a">AU@</subfield><subfield code="b">000011869082</subfield></datafield></record>